<?xml version="1.0" encoding="UTF-8"?><collection xmlns="http://www.loc.gov/MARC21/slim"><record><leader>00515nam--2200181-i-4500</leader><controlfield tag="001">000033664</controlfield><controlfield tag="002">20161230</controlfield><controlfield tag="005">20161230201039</controlfield><controlfield tag="008">060222s1000------------r-----000-0-ger-d</controlfield><datafield ind1=" " ind2=" " tag="040"><subfield code="a">IFIN-HH</subfield></datafield><datafield ind1=" " ind2=" " tag="041"><subfield code="a">ger</subfield></datafield><datafield ind1=" " ind2=" " tag="080"><subfield code="a">539.172.13(043)</subfield></datafield><datafield ind1="1" ind2=" " tag="100"><subfield code="a">Neff, Roland</subfield></datafield><datafield ind1="1" ind2="0" tag="245"><subfield code="a">Untersuchung der 6li(d,)4 he-reaktion mit polarisierten deuteronen</subfield><subfield code="b">Dissertation</subfield><subfield code="c">Roland neff</subfield></datafield><datafield ind1=" " ind2=" " tag="260"><subfield code="a">Basel</subfield><subfield code="b">Buchdrukerei Bisrkhauser A.G</subfield><subfield code="c">1971</subfield></datafield><datafield ind1=" " ind2=" " tag="300"><subfield code="a">680-691P</subfield></datafield><datafield ind1=" " ind2=" " tag="852"><subfield code="a">40545</subfield><subfield code="c">539.17</subfield></datafield><datafield ind1=" " ind2=" " tag="CAT"><subfield code="a">Sys</subfield><subfield code="c">20120611</subfield><subfield code="h">163412</subfield></datafield></record></collection>